<record><leader>00000cas a22000007a 4500</leader><controlfield tag="001">22333404</controlfield><controlfield tag="008">900905d19381959ohuwr ne      0    0eng d</controlfield><controlfield tag="009">8043</controlfield><datafield ind1=" " ind2=" " tag="010"><subfield code="a">sn 90068273 </subfield></datafield><datafield ind1=" " ind2=" " tag="040"><subfield code="a">ONP</subfield><subfield code="b">eng</subfield><subfield code="c">ONP</subfield><subfield code="d">OCLCQ</subfield></datafield><datafield ind1="1" ind2=" " tag="029"><subfield code="a">AU@</subfield><subfield code="b">000025873861</subfield></datafield><datafield ind1=" " ind2=" " tag="042"><subfield code="a">msc</subfield></datafield><datafield ind1="0" ind2="4" tag="245"><subfield code="a">The Bedford times-register and Maple Heights pioneer.</subfield></datafield><datafield ind1="3" ind2="0" tag="246"><subfield code="a">Bedford times register and Maple Heights pioneer</subfield></datafield><datafield ind1=" " ind2=" " tag="260"><subfield code="a">Bedford, Ohio :</subfield><subfield code="b">Urban Newspapers,</subfield><subfield code="c">1938-1959.</subfield></datafield><datafield ind1=" " ind2=" " tag="300"><subfield code="a">v.</subfield></datafield><datafield ind1=" " ind2=" " tag="310"><subfield code="a">Weekly</subfield></datafield><datafield ind1="0" ind2=" " tag="362"><subfield code="a">35th year, no. 24 (May 6, 1938)-59th year, no. 32 (June 11, 1959).</subfield></datafield><datafield ind1=" " ind2="4" tag="651"><subfield code="a">Bedford (Ohio)</subfield><subfield code="v">Newspapers.</subfield></datafield><datafield ind1=" " ind2="4" tag="651"><subfield code="a">Maple Heights (Cuyahoga County, Ohio)</subfield><subfield code="v">Newspapers.</subfield></datafield><datafield ind1=" " ind2="4" tag="651"><subfield code="a">Cuyahoga County (Ohio)</subfield><subfield code="v">Newspapers.</subfield></datafield><datafield ind1=" " ind2=" " tag="752"><subfield code="a">United States</subfield><subfield code="b">Ohio</subfield><subfield code="c">Cuyahoga</subfield><subfield code="d">Bedford.</subfield></datafield><datafield ind1="0" ind2="4" tag="780"><subfield code="t">Bedford times (Bedford, Ohio)</subfield><subfield code="w">(DLC)sn 90068459</subfield></datafield><datafield ind1="0" ind2="4" tag="780"><subfield code="t">Bedford news register and Maple Heights pioneer</subfield><subfield code="w">(DLC)sn 83035615</subfield></datafield><datafield ind1="0" ind2="0" tag="785"><subfield code="t">Bedford times-register</subfield><subfield code="w">(DLC)sn 83035616</subfield></datafield></record>